<?xml version="1.0" encoding="UTF-8"?><collection xmlns="http://www.loc.gov/MARC21/slim"><record><leader>00365nam--2200133-i-4500</leader><controlfield tag="001">000007855</controlfield><controlfield tag="002">20161230</controlfield><controlfield tag="005">20170306183346</controlfield><controlfield tag="008">060222s1000------------r-----000-0-eng-d</controlfield><datafield ind1=" " ind2=" " tag="245"><subfield code="a">American ultraminiature component parts data 1965-66</subfield></datafield><datafield ind1=" " ind2=" " tag="260"><subfield code="a">Oxford</subfield><subfield code="b">Pergamon Press</subfield><subfield code="c">1965</subfield></datafield><datafield ind1=" " ind2=" " tag="300"><subfield code="a">XI+486 p</subfield></datafield><datafield ind1=" " ind2=" " tag="700"><subfield code="a">Robertson, Mackenzie J</subfield></datafield><datafield ind1=" " ind2=" " tag="CAT"><subfield code="a">SYS</subfield><subfield code="c">20170306</subfield><subfield code="h">183346</subfield></datafield></record></collection>